<record><leader>00000cas a2200000 a 4500</leader><controlfield tag="001">20982260</controlfield><controlfield tag="008">900131d19661969iludn ne      0   a0eng c</controlfield><datafield ind1=" " ind2=" " tag="010"><subfield code="a">sn 90054890 </subfield></datafield><datafield ind1=" " ind2=" " tag="040"><subfield code="a">NVF</subfield><subfield code="b">eng</subfield><subfield code="c">NVF</subfield><subfield code="d">OCLCQ</subfield><subfield code="d">NVF</subfield><subfield code="d">OCLCQ</subfield><subfield code="d">NVF</subfield><subfield code="d">OCLCF</subfield><subfield code="d">OCL</subfield><subfield code="d">OCLCO</subfield></datafield><datafield ind1=" " ind2=" " tag="042"><subfield code="a">pcc</subfield></datafield><datafield ind1=" " ind2=" " tag="043"><subfield code="a">n-us-il</subfield></datafield><datafield ind1="0" ind2="0" tag="245"><subfield code="a">Coles County daily times.</subfield></datafield><datafield ind1="1" ind2="7" tag="246"><subfield code="a">Daily times</subfield></datafield><datafield ind1=" " ind2=" " tag="260"><subfield code="a">Charleston, Ill. :</subfield><subfield code="b">Betty Boyer,</subfield><subfield code="c">1966-1969.</subfield></datafield><datafield ind1=" " ind2=" " tag="300"><subfield code="a">v.</subfield></datafield><datafield ind1=" " ind2=" " tag="310"><subfield code="a">Daily (except Sunday)</subfield></datafield><datafield ind1="0" ind2=" " tag="362"><subfield code="a">Vol. 1, no. 1 (Dec. 12, 1966)-v. 3, no. 143 (May 31, 1969).</subfield></datafield><datafield ind1=" " ind2=" " tag="525"><subfield code="a">Weekend supplements titled: Coles County weekend observer.</subfield></datafield><datafield ind1=" " ind2="0" tag="651"><subfield code="a">Coles County (Ill.)</subfield><subfield code="v">Newspapers.</subfield></datafield><datafield ind1=" " ind2="7" tag="651"><subfield code="a">Illinois</subfield><subfield code="z">Coles County.</subfield><subfield code="2">fast</subfield><subfield code="0">(OCoLC)fst01213381</subfield></datafield><datafield ind1=" " ind2="7" tag="655"><subfield code="a">Newspapers.</subfield><subfield code="2">fast</subfield><subfield code="0">(OCoLC)fst01423814</subfield></datafield><datafield ind1="0" ind2="2" tag="740"><subfield code="a">Coles County weekend observer.</subfield></datafield><datafield ind1=" " ind2=" " tag="752"><subfield code="a">United States</subfield><subfield code="b">Illinois</subfield><subfield code="c">Coles</subfield><subfield code="d">Charleston.</subfield></datafield><datafield ind1="0" ind2="4" tag="785"><subfield code="t">Coles County times-courier</subfield><subfield code="w">(DLC)sn 90054891</subfield><subfield code="w">(OCoLC)20982235</subfield></datafield><datafield ind1="0" ind2="4" tag="785"><subfield code="t">Charleston courier-news</subfield><subfield code="w">(DLC)sn 90054889</subfield><subfield code="w">(OCoLC)20982365</subfield></datafield></record>